% Encoding: UTF-8

@Book{kopka2004guide,
  title     = {Guide to LATEX},
  publisher = {Addison-Wesley Boston, MA},
  year      = {2004},
  author    = {Kopka, Helmut and Daly, Patrick W and Rahtz, SPQ},
  volume    = {4},
}

@Article{lamport1986latex,
  author    = {Lamport, Leslie},
  title     = {LaTEX: User's Guide \& Reference Manual},
  year      = {1986},
  publisher = {Addison-Wesley Reading},
}

@Comment{jabref-meta: databaseType:bibtex;}
